@INPROCEEDINGS{akaike73,
    author = {Akaike, H.},
    booktitle = {International Symposium on Information Theory, 2 nd, Tsahkadsor, Armenian SSR},
    citeulike-article-id = {3908612},
    keywords = {aic},
    pages = {267-281},
    posted-at = {2009-01-19 14:34:00},
    priority = {2},
    title = {{Information Theory and an Extension of the Maximum Likelihood Principle}},
    year = {1973}
}

@inproceedings{ben2001stability,
  title={A stability based method for discovering structure in clustered data},
  author={Ben-Hur, Asa and Elisseeff, Andre and Guyon, Isabelle},
  booktitle={Pacific symposium on biocomputing},
  volume={7},
  pages={6--17},
  year={2001}
}

@article{cho1998genome,
  title={A genome-wide transcriptional analysis of the mitotic cell cycle},
  author={Cho, Raymond J and Campbell, Michael J and Winzeler, Elizabeth A and Steinmetz, Lars and Conway, Andrew and Wodicka, Lisa and Wolfsberg, Tyra G and Gabrielian, Andrei E and Landsman, David and Lockhart, David J and others},
  journal={Molecular cell},
  volume={2},
  pages={65--73},
  year={1998},
  publisher={Elsevier}
}
@article{hartigan1979algorithm,
  title={Algorithm AS 136: A k-means clustering algorithm},
  author={Hartigan, John A and Wong, Manchek A},
  journal={J. R. Stat. Soc. C},
  volume={28},
  pages={100--108},
  year={1979},
  publisher={JSTOR}
}
@article{wilson1927probable,
  title={Probable inference, the law of succession, and statistical inference},
  author={Wilson, Edwin B},
  journal={Journal of the American Statistical Association},
  volume={22},
  number={158},
  pages={209--212},
  year={1927},
  publisher={Taylor \& Francis Group}
}

@article{de2008clustering,
  title={Clustering cancer gene expression data: a comparative study},
  author={de Souto, Marcilio CP and Costa, Ivan G and de Araujo, Daniel SA and Ludermir, Teresa B and Schliep, Alexander},
  journal={BMC bioinformatics},
  volume={9},
  number={1},
  pages={497},
  year={2008},
  publisher={BioMed Central Ltd}
}

@article{dortet2008model,
  title={Model-based clustering on the unit sphere with an illustration using gene expression profiles},
  author={Dortet-Bernadet, Jean-Luc and Wicker, Nicolas},
  journal={Biostatistics},
  volume={9},
  number={1},
  pages={66--80},
  year={2008},
  publisher={Biometrika Trust}
}

@article{pomeroy2002prediction,
  title={Prediction of central nervous system embryonal tumour outcome based on gene expression},
  author={Pomeroy, Scott L and Tamayo, Pablo and Gaasenbeek, Michelle and Sturla, Lisa M and Angelo, Michael and McLaughlin, Margaret E and Kim, John YH and Goumnerova, Liliana C and Black, Peter M and Lau, Ching and others},
  journal={Nature},
  volume={415},
  number={6870},
  pages={436--442},
  year={2002},
  publisher={Nature Publishing Group}
}
@article{calinski1974dendrite,
  title={A dendrite method for cluster analysis},
  author={Cali{\'n}ski, Tadeusz and Harabasz, Jerzy},
  journal={Communications in Statistics-theory and Methods},
  volume={3},
  number={1},
  pages={1--27},
  year={1974},
  publisher={Taylor \& Francis}
}

@phdthesis{schlimmer1987concept,
  author={Schlimmer, Jeffrey Curtis},
  year={1987},
  title={Concept acquisition through representational adjustment},
  school={Department of Information and Computer Science, University of California, Irvine}
}

@article{chiang2010intelligent,
  title={Intelligent choice of the number of clusters in K-Means clustering: an experimental study with different cluster spreads},
  author={Chiang, Mark Ming-Tso and Mirkin, Boris},
  journal={Journal of classification},
  volume={27},
  number={1},
  pages={3--40},
  year={2010},
  publisher={Springer}
}

@article{fang2012selection,
  title={Selection of the number of clusters via the bootstrap method},
  author={Fang, Yixin and Wang, Junhui},
  journal={Computational Statistics \& Data Analysis},
  volume={56},
  number={3},
  pages={468--477},
  year={2012},
  publisher={Elsevier}
}

@article{fraley1998many,
  title={How many clusters? Which clustering method? Answers via model-based cluster analysis},
  author={Fraley, Chris and Raftery, Adrian E},
  journal={The computer journal},
  volume={41},
  number={8},
  pages={578--588},
  year={1998},
  publisher={Br Computer Soc}
}

@article{fraley2002model,
  title={Model-based clustering, discriminant analysis, and density estimation},
  author={Fraley, Chris and Raftery, Adrian E},
  journal={Journal of the American Statistical Association},
  volume={97},
  number={458},
  pages={611--631},
  year={2002},
  publisher={Taylor \& Francis}
}

@article{fujita2014non,
  title={A non-parametric method to estimate the number of clusters},
  author={Fujita, Andr{\'e} and Takahashi, Daniel Y and Patriota, Alexandre G},
  journal={Computational Statistics \& Data Analysis},
  volume={73},
  pages={27--39},
  year={2014},
  publisher={Elsevier}
}

@article{gabriel2002biblot,
    author={Gabriel, K. R.},
    year={2002},
    title={Le biplot--outil d'exploration de donn\'{e}es multidimensionelles},
    journal={Journal de la Soci\'{e}t\'{e} Francaise de Statistique},
    volume={143},
    pages={5--55}
}

@article{gorman1988analysis,
  title={Analysis of hidden units in a layered network trained to classify sonar targets},
  author={Gorman, R Paul and Sejnowski, Terrence J},
  journal={Neural networks},
  volume={1},
  number={1},
  pages={75--89},
  year={1988},
  publisher={Elsevier}
}

@book{hartigan1975clustering,
  title={Clustering Algorithms},
  author={Hartigan, John A},
  year={1975},
  publisher={Wiley}
}

@book{hastie2009elements,
  AUTHOR =       {Trevor Hastie and Robert Tibshirani and Jerome Friedman},
  TITLE =        {{The Elements of Statistical Learning: Data Mining, Inference, and Prediciton}},
  PUBLISHER =    {Springer},
  YEAR =         {2009},
  series =       {Springer Series in Statistics},
  edition =      {2nd}
}

@article{jain1999data,
  title={Data clustering: a review},
  author={Jain, Anil K and Murty, M Narasimha and Flynn, Patrick J},
  journal={ACM computing surveys (CSUR)},
  volume={31},
  number={3},
  pages={264--323},
  year={1999},
  publisher={Acm}
}

@article{jain2010data,
  title={Data clustering: 50 years beyond K-means},
  author={Jain, Anil K},
  journal={Pattern recognition letters},
  volume={31},
  number={8},
  pages={651--666},
  year={2010},
  publisher={Elsevier}
}

@article{mangasarian1990pattern,
  title={Pattern recognition via linear programming: Theory and application to medical diagnosis},
  author={Mangasarian, Olvi L and Setiono, R and Wolberg, WH},
  journal={Large-scale numerical optimization},
  pages={22--31},
  year={1990}
}

@article{owen2009bi,
  author={Owen, A. B. and Perry, P. O.},
  year={2009},
  title={Bi-cross-validation of the SVD and the nonnegative matrix
      factorization},
  journal={Ann. Appl. Stat.},
  volume={3},
  number={2},
  pages={564--594}
}

@phdthesis{perry2009cross,
  author={Perry, P. O.},
  year={2009},
  title={Cross-Validation for Unsupervised Learning},
  school={Stanford University}
}

@article{pollard1981strong,
  title={Strong consistency of $k$-means clustering},
  author={Pollard, David},
  journal={Ann. Stat.},
  volume={9},
  number={1},
  pages={135--140},
  year={1981},
  publisher={Institute of Mathematical Statistics}
}

@article{pollard1982central,
  author={Pollard, David},
  year={1982},
  title={A central limit theorem for $k$-means clustering},
  journal={Ann. Probab.},
  volume={10},
  number={4},
  pages={919--926}
}

@ARTICLE{shao93,
  AUTHOR =       {Jun Shao},
  TITLE =        {{Linear Model Selection by Cross-Validation}},
  JOURNAL =      {Journal of the American Statistical Association},
  YEAR =         {1993},
  volume =       {88},
  number =       {422},
  pages =        {486--494},
  month =        {June},
  abstract = {We consider the problem of selecting a model having the best predictive ability among a class of linear models. The popular leave-one-out cross-validation method, which is asymptotically equivalent to many other model selection methods such as the Akaike information criterion (AIC), the Cp, and the bootstrap, is asymptotically inconsistent in the sense that the probability of selecting the model with the best predictive ability does not converge to 1 as the total number of observations n ? ?. We show that the inconsistency of the leave-one-out cross-validation can be rectified by using a leave-n?-out cross-validation with n?, the number of observations reserved for validation, satisfying n?/n ? 1 as n ? ?. This is a somewhat shocking discovery, because n?/n ? 1 is totally opposite to the popular leave-one-out recipe in cross-validation. Motivations, justifications, and discussions of some practical aspects of the use of the leave-n?-out cross-validation method are provided, and results from a simulation study are presented.},
}

@ARTICLE{shao97,
  AUTHOR =       {Jun Shao},
  TITLE =        {{An Asymptotic Theory for Linear Model Selection}},
  JOURNAL =      {Statistica Sinica},
  YEAR =         {1997},
  volume =       {7},
  pages =        {221--264},
}


@ARTICLE{stone77a,
  AUTHOR =       {M. Stone},
  TITLE =        {{An Asymptotic Equivalence of Choice of Model by Cross-Validation and Akaike's Criterion}},
  JOURNAL =      {J. R. Stat. Soc. B},
  YEAR =         {1977},
  volume =       {39},
  number =       {1},
  pages =        {44--47},
}

@ARTICLE{stone77b,
  AUTHOR =       {M. Stone},
  TITLE =        {{Asymptotics For and Against Cross-Validation}},
  JOURNAL =      {Biometrika},
  YEAR =         {1977},
  volume =       {64},
  number =       {1},
  pages =        {29--35},
}

@article{sugar2003finding,
  title={Finding the number of clusters in a dataset},
  author={Sugar, Catherine A and James, Gareth M},
  journal={Journal of the American Statistical Association},
  volume={98},
  number={463},
  year={2003}
}

@ARTICLE{tarpey96,
  AUTHOR =       {Tarpey, T. and Flury, B.},
  TITLE =        {Self-Consistency: A Fundamental Concept in Statistics},
  JOURNAL =      {Statist. Sci.},
  YEAR =         {1996},
  VOLUME =       {11},
  NUMBER =       {3},
  PAGES =        {229--243}
}

@article{tavazoie1999systematic,
  title={Systematic determination of genetic network architecture},
  author={Tavazoie, Saeed and Hughes, Jason D and Campbell, Michael J and Cho, Raymond J and Church, George M},
  journal={Nature genetics},
  volume={22},
  pages={281--285},
  year={1999},
  publisher={Nature Publishing Group}
}

@article{tibshirani2001estimating,
  title={Estimating the number of clusters in a data set via the gap statistic},
  author={Tibshirani, Robert and Walther, Guenther and Hastie, Trevor},
  journal={J. R. Stat. Soc. B},
  volume={63},
  number={2},
  pages={411--423},
  year={2001},
  publisher={Wiley Online Library}
}

@article{tibshirani2005cluster,
  title={Cluster validation by prediction strength},
  author={Tibshirani, Robert and Walther, Guenther},
  journal={Journal of Computational and Graphical Statistics},
  volume={14},
  number={3},
  pages={511--528},
  year={2005},
  publisher={Taylor \& Francis}
}

@article{wang2010consistent,
  title={Consistent selection of the number of clusters via crossvalidation},
  author={Wang, Junhui},
  journal={Biometrika},
  volume={97},
  number={4},
  pages={893--904},
  year={2010},
  publisher={Biometrika Trust}
}

@article{wold78cross,
  author={Wold, S.},
  year={1978},
  title={Cross-validatory estimation of the number of components in factor and
      principal components models.},
  journal={Technometrics},
  volume={20},
  pages={397--405}
}

@Manual{rproject,
    title = {R: A Language and Environment for Statistical Computing},
    author = {{R Core Team}},
    organization = {R Foundation for Statistical Computing},
    address = {Vienna, Austria},
    year = {2018},
    url = {https://www.R-project.org/},
}

@Manual{cluster,
    title = {cluster: Cluster Analysis Basics and Extensions},
    author = {Martin Maechler and Peter Rousseeuw and Anja Struyf and Mia Hubert and Kurt Hornik},
    year = {2018},
    note = {R package version 2.0.7-1},
    url = {https://CRAN.R-project.org/package=cluster}
}

@Manual{cstab,
    title = {cluster: Cluster Analysis Basics and Extensions},
    author = {Jonas M. B. Haslbeck, Dirk U. Wulff},
    year = {2018},
    note = {R package version 0.2-2},
    url = {https://CRAN.R-project.org/package=cstab}
}

@Manual{e1071,
    title = {e1071: Misc Functions of the Department of Statistics, Probability
Theory Group (Formerly: E1071), TU Wien},
    author = {David Meyer and Evgenia Dimitriadou and Kurt Hornik and Andreas Weingessel and Friedrich Leisch},
    year = {2017},
    note = {R package version 1.6-8},
    url = {https://CRAN.R-project.org/package=e1071}
}

@Manual{fpc,
    title = {fpc: Flexible Procedures for Clustering},
    author = {Christian Hennig},
    year = {2015},
    note = {R package version 2.1-10},
    url = {https://CRAN.R-project.org/package=fpc}
}

@Book{ggplot2,
    author = {Hadley Wickham},
    title = {ggplot2: Elegant Graphics for Data Analysis},
    publisher = {Springer-Verlag New York},
    year = {2016},
    isbn = {978-3-319-24277-4},
    url = {http://ggplot2.org},
}

@Book{MASS,
    title = {Modern Applied Statistics with S},
    author = {W. N. Venables and B. D. Ripley},
    publisher = {Springer},
    edition = {Fourth},
    address = {New York},
    year = {2002},
    note = {ISBN 0-387-95457-0},
    url = {http://www.stats.ox.ac.uk/pub/MASS4},
}

@Article{mclust,
    title = {{mclust} 5: clustering, classification and density
      estimation using {G}aussian finite mixture models},
    author = {Luca Scrucca and Michael Fop and Thomas Brendan Murphy
      and Adrian E. Raftery},
    journal = {The {R} Journal},
    year = {2016},
    volume = {8},
    number = {1},
    pages = {205--233},
    url =
      {https://journal.r-project.org/archive/2016-1/scrucca-fop-murphy-etal.pdf},
}

@Article{NbClust,
    title = {{NbClust}: An {R} Package for Determining the Relevant
      Number of Clusters in a Data Set},
    author = {Malika Charrad and Nadia Ghazzali and V{\'e}ronique
      Boiteau and Azam Niknafs},
    journal = {Journal of Statistical Software},
    year = {2014},
    volume = {61},
    number = {6},
    pages = {1--36},
    url = {http://www.jstatsoft.org/v61/i06/},
  }

