@INPROCEEDINGS{akaike73,
    author = {Akaike, H.},
    booktitle = {International Symposium on Information Theory, 2 nd, Tsahkadsor, Armenian SSR},
    citeulike-article-id = {3908612},
    keywords = {aic},
    pages = {267-281},
    posted-at = {2009-01-19 14:34:00},
    priority = {2},
    title = {{Information Theory and an Extension of the Maximum Likelihood Principle}},
    year = {1973}
}

@inproceedings{ben2001stability,
  title={A stability based method for discovering structure in clustered data},
  author={Ben-Hur, Asa and Elisseeff, Andre and Guyon, Isabelle},
  booktitle={Pacific symposium on biocomputing},
  volume={7},
  pages={6--17},
  year={2001}
}
@article{jain1999data,
  title={Data clustering: a review},
  author={Jain, Anil K and Murty, M Narasimha and Flynn, Patrick J},
  journal={ACM computing surveys (CSUR)},
  volume={31},
  number={3},
  pages={264--323},
  year={1999},
  publisher={Acm}
}
@article{calinski1974dendrite,
  title={A dendrite method for cluster analysis},
  author={Cali{\'n}ski, Tadeusz and Harabasz, Jerzy},
  journal={Communications in Statistics-theory and Methods},
  volume={3},
  number={1},
  pages={1--27},
  year={1974},
  publisher={Taylor \& Francis}
}
@article{schlimmer1987concept,
  title={Concept acquisition through representational adjustment},
  author={Schlimmer, Jeffrey Curtis},
  year={1987},
  publisher={University of California, Irvine}
}
@article{chiang2010intelligent,
  title={Intelligent choice of the number of clusters in K-Means clustering: an experimental study with different cluster spreads},
  author={Chiang, Mark Ming-Tso and Mirkin, Boris},
  journal={Journal of classification},
  volume={27},
  number={1},
  pages={3--40},
  year={2010},
  publisher={Springer}
}

@article{fang2012selection,
  title={Selection of the number of clusters via the bootstrap method},
  author={Fang, Yixin and Wang, Junhui},
  journal={Computational Statistics \& Data Analysis},
  volume={56},
  number={3},
  pages={468--477},
  year={2012},
  publisher={Elsevier}
}

@article{fraley1998many,
  title={How many clusters? Which clustering method? Answers via model-based cluster analysis},
  author={Fraley, Chris and Raftery, Adrian E},
  journal={The computer journal},
  volume={41},
  number={8},
  pages={578--588},
  year={1998},
  publisher={Br Computer Soc}
}

@article{fraley2002model,
  title={Model-based clustering, discriminant analysis, and density estimation},
  author={Fraley, Chris and Raftery, Adrian E},
  journal={Journal of the American Statistical Association},
  volume={97},
  number={458},
  pages={611--631},
  year={2002},
  publisher={Taylor \& Francis}
}

@article{fujita2014non,
  title={A non-parametric method to estimate the number of clusters},
  author={Fujita, Andr{\'e} and Takahashi, Daniel Y and Patriota, Alexandre G},
  journal={Computational Statistics \& Data Analysis},
  volume={73},
  pages={27--39},
  year={2014},
  publisher={Elsevier}
}

@article{gabriel2002biblot,
    author={Gabriel, K. R.},
    year={2002},
    title={Le biplot--outil d'exploration de donn\'{e}es multidimensionelles},
    journal={Journal de la Soci\'{e}t\'{e} Francaise de Statistique},
    volume={143},
    pages={5--55}
}

@article{gorman1988analysis,
  title={Analysis of hidden units in a layered network trained to classify sonar targets},
  author={Gorman, R Paul and Sejnowski, Terrence J},
  journal={Neural networks},
  volume={1},
  number={1},
  pages={75--89},
  year={1988},
  publisher={Elsevier}
}

@book{hartigan1975clustering,
  title={Clustering Algorithms},
  author={Hartigan, John A},
  year={1975},
  publisher={Wiley}
}

@book{hastie2009elements,
  AUTHOR =       {Trevor Hastie and Robert Tibshirani and Jerome Friedman},
  TITLE =        {{The Elements of Statistical Learning: Data Mining, Inference, and Prediciton}},
  PUBLISHER =    {Springer},
  YEAR =         {2009},
  series =       {Springer Series in Statistics},
  edition =      {2nd}
}

@article{jain1999data,
  title={Data clustering: a review},
  author={Jain, Anil K and Murty, M Narasimha and Flynn, Patrick J},
  journal={ACM computing surveys (CSUR)},
  volume={31},
  number={3},
  pages={264--323},
  year={1999},
  publisher={Acm}
}

@article{jain2010data,
  title={Data clustering: 50 years beyond K-means},
  author={Jain, Anil K},
  journal={Pattern recognition letters},
  volume={31},
  number={8},
  pages={651--666},
  year={2010},
  publisher={Elsevier}
}

@article{mangasarian1990pattern,
  title={Pattern recognition via linear programming: Theory and application to medical diagnosis},
  author={Mangasarian, Olvi L and Setiono, R and Wolberg, WH},
  journal={Large-scale numerical optimization},
  pages={22--31},
  year={1990}
}

@article{owen2009bi,
  author={Owen, A. B. and Perry, P. O.},
  year={2009},
  title={Bi-cross-validation of the SVD and the nonnegative matrix
      factorization},
  journal={Ann. Appl. Stat.},
  volume={3},
  number={2},
  pages={564--594}
}

@phdthesis{perry2009cross,
  author={Perry, P. O.},
  year={2009},
  title={Cross-Validation for Unsupervised Learning},
  school={Stanford University}
}

@article{pollard1981strong,
  title={Strong consistency of $k$-means clustering},
  author={Pollard, David},
  journal={Ann. Stat.},
  volume={9},
  number={1},
  pages={135--140},
  year={1981},
  publisher={Institute of Mathematical Statistics}
}

@article{pollard1982central,
  author={Pollard, David},
  year={1982},
  title={A central limit theorem for $k$-means clustering},
  journal={Ann. Probab.},
  volume={10},
  number={4},
  pages={919--926}
}

@ARTICLE{shao93,
  AUTHOR =       {Jun Shao},
  TITLE =        {{Linear Model Selection by Cross-Validation}},
  JOURNAL =      {Journal of the American Statistical Association},
  YEAR =         {1993},
  volume =       {88},
  number =       {422},
  pages =        {486--494},
  month =        {June},
  abstract = {We consider the problem of selecting a model having the best predictive ability among a class of linear models. The popular leave-one-out cross-validation method, which is asymptotically equivalent to many other model selection methods such as the Akaike information criterion (AIC), the Cp, and the bootstrap, is asymptotically inconsistent in the sense that the probability of selecting the model with the best predictive ability does not converge to 1 as the total number of observations n ? ?. We show that the inconsistency of the leave-one-out cross-validation can be rectified by using a leave-n?-out cross-validation with n?, the number of observations reserved for validation, satisfying n?/n ? 1 as n ? ?. This is a somewhat shocking discovery, because n?/n ? 1 is totally opposite to the popular leave-one-out recipe in cross-validation. Motivations, justifications, and discussions of some practical aspects of the use of the leave-n?-out cross-validation method are provided, and results from a simulation study are presented.},
}

@ARTICLE{shao97,
  AUTHOR =       {Jun Shao},
  TITLE =        {{An Asymptotic Theory for Linear Model Selection}},
  JOURNAL =      {Statistica Sinica},
  YEAR =         {1997},
  volume =       {7},
  pages =        {221--264},
}


@ARTICLE{stone77a,
  AUTHOR =       {M. Stone},
  TITLE =        {{An Asymptotic Equivalence of Choice of Model by Cross-Validation and Akaike's Criterion}},
  JOURNAL =      {Journal of the Royal Statistical Society. Series B (Methodological)},
  YEAR =         {1977},
  volume =       {39},
  number =       {1},
  pages =        {44--47},
}

@ARTICLE{stone77b,
  AUTHOR =       {M. Stone},
  TITLE =        {{Asymptotics For and Against Cross-Validation}},
  JOURNAL =      {Biometrika},
  YEAR =         {1977},
  volume =       {64},
  number =       {1},
  pages =        {29--35},
}

@article{sugar2003finding,
  title={Finding the number of clusters in a dataset},
  author={Sugar, Catherine A and James, Gareth M},
  journal={Journal of the American Statistical Association},
  volume={98},
  number={463},
  year={2003}
}

@article{tibshirani2001estimating,
  title={Estimating the number of clusters in a data set via the gap statistic},
  author={Tibshirani, Robert and Walther, Guenther and Hastie, Trevor},
  journal={Journal of the Royal Statistical Society: Series B (Statistical Methodology)},
  volume={63},
  number={2},
  pages={411--423},
  year={2001},
  publisher={Wiley Online Library}
}

@article{tibshirani2005cluster,
  title={Cluster validation by prediction strength},
  author={Tibshirani, Robert and Walther, Guenther},
  journal={Journal of Computational and Graphical Statistics},
  volume={14},
  number={3},
  pages={511--528},
  year={2005},
  publisher={Taylor \& Francis}
}

@article{wang2010consistent,
  title={Consistent selection of the number of clusters via crossvalidation},
  author={Wang, Junhui},
  journal={Biometrika},
  volume={97},
  number={4},
  pages={893--904},
  year={2010},
  publisher={Biometrika Trust}
}

@article{wold78cross,
  author={Wold, S.},
  year={1978},
  title={Cross-validatory estimation of the number of components in factor and
      principal components models.},
  journal={Technometrics},
  volume={20},
  pages={397--405}
}

